% Encoding: UTF-8

@book{frampton1983towards,
  title={Towards a Critical Regionalism: Six Pointsfor an Architecture of Resistance},
  author={Frampton, Kenneth},
  year={1983},
  publisher={Seatle: Bay Press},
  isbn = {0-941920-01-1},
}

@book{weston2003materials,
  title={Materials, form and architecture},
  author={Weston, Richard},
  year={2003},
  publisher={Yale University Press}
}


@book{oliver1997encyclopedia,
  title={Encyclopedia of vernacular architecture of the world},
  author={Oliver, Paul},
  year={1997},
  publisher={Cambridge University Press}
}

article{seike1977art,
  title={The art of Japanese joinery},
  author={Seike, Kiyosi},
  year={1977},
  publisher={Weatherhill/Tankosha}
}

@book{pye1968nature,
  title={The nature and art of workmanship},
  author={Pye, David},
  year={1968},
  publisher={Cambridge UP}
}

joineries
@article{cignoni2014field,
  title={Field-aligned mesh joinery},
  author={Cignoni, Paolo and Pietroni, Nico and Malomo, Luigi and Scopigno, Roberto},
  journal={ACM Transactions on Graphics (TOG)},
  volume={33},
  number={1},
  pages={11},
  year={2014},
  publisher={ACM}
}

@inproceedings{schwartzburg2013fabrication,
title={Fabrication-aware Design with Intersecting Planar Pieces},
author={Schwartzburg, Yuliy and Pauly, Mark},
booktitle={Computer Graphics Forum},
volume={32},
pages={317--326},
year={2013},
organization={Wiley Online Library}
}

@article{fu2015computational,
title={Computational interlocking furniture assembly},
author={Fu, Chi-Wing and Song, Peng and Yan, Xiaoqi and Yang, Lee Wei and Jayaraman, Pradeep Kumar and Cohen-Or, Daniel},
journal={ACM Transactions on Graphics (TOG)},
volume={34},
number={4},
pages={91},
year={2015},
publisher={ACM}
}

@book{knaack2012prefabricated,
  title={Prefabricated systems: Principles of construction},
  author={Knaack, Ulrich and Chung-Klatte, Sharon and Hasselbach, Reinhard},
  year={2012},
  publisher={Walter de Gruyter}
}

@inproceedings{monier2013use,
  title={Use of irregular wood components to design non-standard structures},
  author={Monier, Vincent and Bignon, Jean Claude and Duchanois, Gilles},
  booktitle={Advanced Materials Research},
  volume={671},
  pages={2337--2343},
  year={2013},
  organization={Trans Tech Publ}
}

@misc{woodbarn,
  author = {Mairs, Jessica},
  title = {A{A} Design and Make students use a robotic arm to build a woodland barn},
  year = {2016},
  url = {http://www.dezeen.com/2016/02/23/architectural-association-students-london-robotically-fabricated-barn-dorset-woodland/},
  note = {Accessed: 2016-09-30}
 }

@misc{smartscrap,
  author = {Greenberg, Ben and Hittler, Greg and Perry, Kyle},
  title = {Smart Scrap},
  year = {2010},
  url = {http://i-m-a-d-e.org/?p=2201},
  note = {Accessed: 2016-09-30}
 }

 @inproceedings{lukka2014zenrobotics,
  title={ZenRobotics Recycler--Robotic sorting using machine learning},
  author={Lukka, Tuomas J and Tossavainen, Timo and Kujala, Janne V and Raiko, Tapani},
  booktitle={Proceedings of the International Conference on Sensor-Based Sorting (SBS)},
  year={2014}
}

article{napp2014distributed,
  title={Distributed amorphous ramp construction in unstructured environments},
  author={Napp, Nils and Nagpal, Radhika},
  journal={Robotica},
  volume={32},
  number={02},
  pages={279--290},
  year={2014},
  publisher={Cambridge Univ Press}
}

article{sandyautonomous,
  title={Autonomous Repositioning and Localization of an In situ Fabricator},
  author={Sandy, Timothy and Giftthaler, Markus and D{\"o}rfler, Kathrin and Kohler, Matthias and Buchli, Jonas},
  year = {2016}
}

incollection{dorfler2016mobile,
  title={Mobile Robotic Brickwork},
  author={D{\"o}rfler, Kathrin and Sandy, Timothy and Giftthaler, Markus and Gramazio, Fabio and Kohler, Matthias and Buchli, Jonas},
  booktitle={Robotic Fabrication in Architecture, Art and Design 2016},
  pages={204--217},
  year={2016},
  publisher={Springer}
}

inproceedings{feng2014towards,
  title={Towards autonomous robotic in-situ assembly on unstructured construction sites using monocular vision},
  author={Feng, Chen and Xiao, Yong and Willette, Aaron and McGee, Wes and Kamat, VR},
  booktitle={Proceedings of the 31th International Symposium on Automation and Robotics in Construction},
  pages={163--170},
  year={2014}
}

article{bogue20133d,
  title={3D printing: the dawn of a new era in manufacturing?},
  author={Bogue, Robert},
  journal={Assembly Automation},
  volume={33},
  number={4},
  pages={307--311},
  year={2013},
  publisher={Emerald Group Publishing Limited}
}

@article{khoshnevis2004automated,
  title={Automated construction by contour craftingâ€”related robotics and information technologies},
  author={Khoshnevis, Behrokh},
  journal={Automation in construction},
  volume={13},
  number={1},
  pages={5--19},
  year={2004},
  publisher={Elsevier}
}

@inproceedings{willis2011interactive,
  title={Interactive fabrication: new interfaces for digital fabrication},
  author={Willis, Karl DD and Xu, Cheng and Wu, Kuan-Ju and Levin, Golan and Gross, Mark D},
  booktitle={Proceedings of the fifth international conference on Tangible, embedded, and embodied interaction},
  pages={69--72},
  year={2011},
  organization={ACM}
}

@inproceedings{Mueller:2012:ICI:2380116.2380191,
 author = {Mueller, Stefanie and Lopes, Pedro and Baudisch, Patrick},
 title = {Interactive construction: interactive fabrication of functional mechanical devices},
 booktitle = {Proceedings of the 25th annual ACM symposium on User interface software and technology},
 series = {UIST '12},
 year = {2012},
 isbn = {978-1-4503-1580-7},
 location = {Cambridge, Massachusetts, USA},
 pages = {599--606},
 numpages = {8},
 url = {http://doi.acm.org/10.1145/2380116.2380191},
 doi = {10.1145/2380116.2380191},
 acmid = {2380191},
 publisher = {ACM},
 address = {New York, NY, USA},
 keywords = {construction, interactive fabrication, laser cutting, mechanics, rapid prototyping, sketching},
}

@inproceedings{lafreniere2016crowdsourced,
  title={Crowdsourced Fabrication},
  author={Lafreniere, Benjamin and Grossman, Tovi and Anderson, Fraser and Matejka, Justin and Kerrick, Heather and Nagy, Danil and Vasey, Lauren and Atherton, Evan and Beirne, Nicholas and Coelho, Marcelo H and others},
  booktitle={Proceedings of the 29th Annual Symposium on User Interface Software and Technology},
  pages={15--28},
  year={2016},
  organization={ACM}
}

@article{limpaecher2013real,
  title={Real-time drawing assistance through crowdsourcing},
  author={Limpaecher, Alex and Feltman, Nicolas and Treuille, Adrien and Cohen, Michael},
  journal={ACM Transactions on Graphics (TOG)},
  volume={32},
  number={4},
  pages={54},
  year={2013},
  publisher={ACM}
}

@article{talton2009exploratory,
  title={Exploratory modeling with collaborative design spaces},
  author={Talton, Jerry O and Gibson, Daniel and Yang, Lingfeng and Hanrahan, Pat and Koltun, Vladlen},
  journal={ACM Transactions on Graphics-TOG},
  volume={28},
  number={5},
  pages={167},
  year={2009}
}

InProceedings{sujan2000design,
  Title                    = {Design and implementation of a robot assisted crucible charging system},
  Author                   = {Sujan, Vivek and Dubowsky, Steven and Ohkami, Yoshi and others},
  Booktitle                = {Robotics and Automation, 2000. Proceedings. ICRA'00. IEEE International Conference on},
  Year                     = {2000},
  Organization             = {IEEE},
  Pages                    = {1969--1975},
  Volume                   = {2}
}


Article{errco2005recycling,
  Title                    = {Recycling Construction And Demolition Wastes},
  Author                   = {Lennon, Mark},
  Year                     = {2005},
  Organization             = {The Institution Recycling Network}
}
http://www.dfab.ch/research/robotic-aggregation-of-materials-with-irregular-geometry/

@inproceedings{cimerman2000participatory,
  title={Participatory Design in Architecture: can computers help?},
  author={Cimerman, Benjamin},
  booktitle={PDC},
  pages={40--48},
  year={2000}
}

misc{hauertcrowdsourcing,
  title={Crowdsourcing swarm control of nanobots for cancer applications},
  author={Hauert, Sabine and Lo, Justin H and Nachum, Ofir and Warren, Andrew D and Bhatia, Sangeeta N},
  publisher={Citeseer}
}

@article{hauert2013computational,
  title={A computational framework for identifying design guidelines to increase the penetration of targeted nanoparticles into tumors},
  author={Hauert, Sabine and Berman, Spring and Nagpal, Radhika and Bhatia, Sangeeta N},
  journal={Nano today},
  volume={8},
  number={6},
  pages={566--576},
  year={2013},
  publisher={Elsevier}
}

@article{cooper2010predicting,
  title={Predicting protein structures with a multiplayer online game},
  author={Cooper, Seth and Khatib, Firas and Treuille, Adrien and Barbero, Janos and Lee, Jeehyung and Beenen, Michael and Leaver-Fay, Andrew and Baker, David and Popovi{\'c}, Zoran and others},
  journal={Nature},
  volume={466},
  number={7307},
  pages={756--760},
  year={2010},
  publisher={Nature Research}
}

 @article{Yoshida:2015:AHA:2809654.2766951,
 author = {Yoshida, Hironori and Igarashi, Takeo and Obuchi, Yusuke and Takami, Yosuke and Sato, Jun and Araki, Mika and Miki, Masaaki and Nagata, Kosuke and Sakai, Kazuhide and Igarashi, Syunsuke},
 title = {Architecture-scale Human-assisted Additive Manufacturing},
 journal = {ACM Trans. Graph.},
 issue_date = {August 2015},
 volume = {34},
 number = {4},
 month = jul,
 year = {2015},
 issn = {0730-0301},
 pages = {88:1--88:8},
 articleno = {88},
 numpages = {8},
 url = {http://doi.acm.org/10.1145/2766951},
 doi = {10.1145/2766951},
 acmid = {2766951},
 publisher = {ACM},
 address = {New York, NY, USA},
 keywords = {3D printing, fabrication},
}


@article{schindler2014processing,
  title={Processing Branches: Reactivating the performativity of natural wooden form with contemporary information technology},
  author={Schindler, Christoph and Tamke, Martin and Tabatabai, Ali and Bereuter, Martin and Yoshida, Hironori},
  journal={International Journal of Architectural Computing},
  volume={12},
  number={2},
  pages={101--115},
  year={2014},
  publisher={SAGE Publications}
}

@article{Hubbard:1996:APS:231731.231732,
 author = {Hubbard, Philip M.},
 title = {Approximating Polyhedra with Spheres for Time-critical Collision Detection},
 journal = {ACM Trans. Graph.},
 issue_date = {July 1996},
 volume = {15},
 number = {3},
 month = jul,
 year = {1996},
 issn = {0730-0301},
 pages = {179--210},
 numpages = {32},
 url = {http://doi.acm.org/10.1145/231731.231732},
 doi = {10.1145/231731.231732},
 acmid = {231732},
 publisher = {ACM},
 address = {New York, NY, USA},
 keywords = {approximation, collision detection, interactive systems, medial-axis surfaces, spheres, time-critical computing},
}


article{lerer2016learning,
  title={Learning Physical Intuition of Block Towers by Example},
  author={Lerer, Adam and Gross, Sam and Fergus, Rob},
  journal={arXiv preprint arXiv:1603.01312},
  year={2016}
}

@article{umetani2012guided,
	title={Guided exploration of physically valid shapes for furniture design.},
	author={Umetani, Nobuyuki and Igarashi, Takeo and Mitra, Niloy J},
	journal={ACM Trans. Graph.},
	volume={31},
	number={4},
	pages={86--1},
	year={2012},
	publisher={Citeseer}
}


@InProceedings{stonestacking,
	Title                    = {Autonomous Robotic Stone Stacking with Online
	next Best Object Target Pose Planning (in press)},
	Author                   = {Yoshida, Hironori and Fadri, Furrer and Martin, Wermelinger and others},
	Booktitle                = {Robotics and Automation, 2017. Proceedings. ICRA'17. IEEE International Conference on},
	Year                     = {2017},
	Organization             = {IEEE},

}
